<record><leader>00000cas a2200000 a 4500</leader><controlfield tag="001">11180558</controlfield><controlfield tag="008">840921d19411943ksuwr ne      0   a0eng d</controlfield><controlfield tag="009">3789</controlfield><datafield ind1=" " ind2=" " tag="010"><subfield code="a">sn 84029573 </subfield></datafield><datafield ind1=" " ind2=" " tag="040"><subfield code="a">KSH</subfield><subfield code="b">eng</subfield><subfield code="c">KSH</subfield><subfield code="d">NPT</subfield><subfield code="d">OCL</subfield></datafield><datafield ind1=" " ind2=" " tag="042"><subfield code="a">msc</subfield></datafield><datafield ind1="0" ind2=" " tag="130"><subfield code="a">Outlook (Lawrence, Kan.)</subfield></datafield><datafield ind1="0" ind2="4" tag="245"><subfield code="a">The outlook.</subfield></datafield><datafield ind1=" " ind2=" " tag="260"><subfield code="a">Lawrence, Kan. :</subfield><subfield code="b">Edwin F. Abels,</subfield><subfield code="c">1941-1943.</subfield></datafield><datafield ind1=" " ind2=" " tag="300"><subfield code="a">3 v. :</subfield><subfield code="b">ill. ;</subfield><subfield code="c">56 cm.</subfield></datafield><datafield ind1=" " ind2=" " tag="310"><subfield code="a">Weekly</subfield></datafield><datafield ind1="0" ind2=" " tag="362"><subfield code="a">Vol. 15, no. 45 (Jan. 9, 1941)-v. 18, no. 44 (Dec. 30, 1943).</subfield></datafield><datafield ind1=" " ind2=" " tag="752"><subfield code="a">United States</subfield><subfield code="b">Kansas</subfield><subfield code="c">Douglas</subfield><subfield code="d">Lawrence.</subfield></datafield><datafield ind1="0" ind2="0" tag="780"><subfield code="t">Douglas County republican</subfield><subfield code="w">(DLC)sn 84029572</subfield></datafield><datafield ind1="0" ind2="0" tag="785"><subfield code="t">Lawrence outlook</subfield><subfield code="w">(DLC)sn 84029600</subfield></datafield></record>